 @article{libbrecht_black_2018, title={Improved microparticle electrodynamic ion traps for physics teaching}, volume={86}, DOI={10.1119/1.5034344}, number={7}, journal={American Journal of Physics}, author={Libbrecht, Kenneth G. and Black, Eric D.}, year={2018}, pages={539â€“558}} 